@article{lou2021dummy,
  title     = {A (Dummy's) Guide to Working with Gapped Boundaries via (Fermion) Condensation},
  author    = {Lou, Jiaqi and Shen, Ce and Chen, Chaoyi and Hung, Ling-Yan},
  journal   = {Journal of High Energy Physics},
  volume    = {2021},
  number    = {2},
  pages     = {1--78},
  year      = {2021},
  publisher = {Springer},
  doi       = {10.1007/JHEP02(2021)171},
  eprint    = {2007.10562},
}

@article{bruillard2016rank,
  title   = {Rank-finiteness for Modular Categories},
  author  = {Bruillard, Paul and Ng, Siu-Hung and Rowell, Eric and Wang, Zhenghan},
  journal = {Journal of the American Mathematical Society},
  volume  = {29},
  number  = {3},
  pages   = {857--881},
  year    = {2016},
  doi     = {10.1090/jams/842},
  eprint  = {1310.7050},
}

@article{rowell2009classification,
  title     = {On Classification of Modular Tensor Categories},
  author    = {Rowell, Eric and Stong, Richard and Wang, Zhenghan},
  journal   = {Communications in Mathematical Physics},
  volume    = {292},
  number    = {2},
  pages     = {343--389},
  year      = {2009},
  publisher = {Springer},
  doi       = {10.1007/s00220-009-0908-z},
  eprint    = {0712.1377},
}

@article{kitaev2006anyons,
  title     = {Anyons in an Exactly Solved Model and Beyond},
  author    = {Kitaev, Alexei},
  journal   = {Annals of Physics},
  volume    = {321},
  number    = {1},
  pages     = {2--111},
  year      = {2006},
  publisher = {Elsevier},
  doi       = {10.1016/j.aop.2005.10.005},
  eprint    = {cond-mat/0506438},
}

@article{huang2005vertex,
  title     = {Vertex Operator Algebras, the Verlinde Conjecture, and Modular Tensor Categories},
  author    = {Huang, Yi-Zhi},
  journal   = {Proceedings of the National Academy of Sciences},
  volume    = {102},
  number    = {15},
  pages     = {5352--5356},
  year      = {2005},
  publisher = {National Acad Sciences},
  doi       = {10.1073/pnas.0409901102},
}

@article{verlinde1988fusion,
  title     = {Fusion Rules and Modular Transformations in 2D Conformal Field Theory},
  author    = {Verlinde, Erik},
  journal   = {Nuclear Physics B},
  volume    = {300},
  pages     = {360--376},
  year      = {1988},
  publisher = {Elsevier},
  doi       = {10.1016/0550-3213(88)90603-7},
}

@book{turaev2020quantum,
  title     = {Quantum Invariants of Knots and 3-Manifolds},
  author    = {Turaev, Vladimir G},
  year      = {2016},
  publisher = {Walter de Gruyter GmbH \& Co KG},
  doi       = {10.1515/9783110435221},
}

@book{turaev2017monoidal,
  title     = {Monoidal Categories and Topological Field Theory},
  author    = {Turaev, Vladimir and Virelizier, Alexis and others},
  year      = {2017},
  publisher = {Springer},
  doi       = {10.1007/978-3-319-49834-8},
}

@book{maclane2013categories,
  title     = {Categories for the Working Mathematician},
  author    = {Mac Lane, Saunders},
  year      = {2013},
  publisher = {Springer Science \& Business Media},
  doi       = {10.1007/978-1-4757-4721-8},
}

@book{francesco2012conformal,
  title     = {Conformal Field Theory},
  author    = {Francesco, Philippe and Mathieu, Pierre and S{\'e}n{\'e}chal, David},
  year      = {2012},
  publisher = {Springer Science \& Business Media},
}

@book{bakalov2001lectures,
  title     = {Lectures on Tensor Categories and Modular Functors},
  author    = {Bakalov, Bojko and Kirillov, Alexander A},
  year      = {2001},
  publisher = {American Mathematical Society},
}

@incollection{selinger2011survey,
  title     = {A Survey of Graphical Languages for Monoidal Categories},
  author    = {Selinger, Peter},
  booktitle = {New Structures for Physics},
  pages     = {289--355},
  year      = {2011},
  publisher = {Springer},
  doi       = {10.1007/978-3-642-12821-9_4},
  eprint    = {0908.3347},
}

@incollection{baez2011physics,
  title     = {Physics, Topology, Logic and Computation: A Rosetta Stone},
  author    = {Baez, John and Stay, Mike},
  booktitle = {New Structures for Physics},
  pages     = {95--172},
  year      = {2011},
  publisher = {Springer},
  doi       = {10.1007/978-3-642-12821-9_2},
  eprint    = {0903.0340},
}

@preprint{kong2022invitation,
  title  = {An Invitation to Topological Orders and Category Theory},
  author = {Kong, Liang and Zhang, Zhi-Hao},
  year   = {2022},
  eprint = {2205.05565},
}

@preprint{aasen2020topological,
  title  = {Topological Defects on the Lattice: Dualities and Degeneracies},
  author = {Aasen, David and Fendley, Paul and Mong, Roger SK},
  year   = {2020},
  eprint = {2008.08598},
}

@preprint{muger2008tensor,
  title  = {Tensor Categories: A Selective Guided Tour},
  author = {M{\"u}ger, Michael},
  year   = {2008},
  eprint = {0804.3587},
}

@preprint{ginsparg1988applied,
  title  = {Applied Conformal Field Theory},
  author = {Ginsparg, Paul},
  year   = {1988},
  eprint = {hep-th/9108028},
}
